@book{Gonzalez,
 author = {Gonzalez, Rafael C. and Woods, Richard E.},
 title = {Digital Image Processing (3rd Edition)},
 year = {2006},
 isbn = {013168728X},
 publisher = {Prentice-Hall, Inc.},
 address = {Upper Saddle River, NJ, USA},
} 

@misc{bworld,
 author = {Gonzalez, Rafael C.},
 title = {Standard Image Processing Test Images},
 howpublished = "\url{http://web.eecs.utk.edu/~gonzalez/ipweb2e/downloads/standard_test_images/}",
 year = {2012}, 
 note = "[Online; accessed 12-October-2012]"
}

@book{Ballard,
 author = {D. H. Ballard and C. M. Brown}, 
 title = {Computer Vision},
 year = 1982,
 isbn = {0131653164},
 publisher = {Prentice-Hall},
 address = {Englewood Cliffs, NJ},
}

@book{Nixon,
 author = {Nixon, Mark and Aguado, Alberto S.},
 title = {Feature Extraction \& Image Processing, Second Edition},
 year = {2008},
 isbn = {0123725380, 9780123725387},
 edition = {2nd},
 publisher = {Academic Press},
} 

